<marc:record xmlns:marc="http://www.loc.gov/MARC21/slim" xmlns:xsi="http://www.w3.org/2001/XMLSchema-instance" xsi:schemaLocation="http://www.loc.gov/MARC21/slim http://www.loc.gov/standards/marcxml/schema/MARC21slim.xsd">
  <marc:leader>     nam a22003371a 4500</marc:leader>
  <marc:controlfield tag="001">001685861</marc:controlfield>
  <marc:controlfield tag="003">NNU</marc:controlfield>
  <marc:controlfield tag="005">20001219032131.0</marc:controlfield>
  <marc:controlfield tag="008">000328s1964    iq            000 1 arard</marc:controlfield>
  <marc:datafield tag="035" ind1="9" ind2=" ">
    <marc:subfield code="a">NYUb12229302</marc:subfield>
  </marc:datafield>
  <marc:datafield tag="035" ind1=" " ind2=" ">
    <marc:subfield code="a">(CStRLIN)CTYN00-B3024</marc:subfield>
  </marc:datafield>
  <marc:datafield tag="040" ind1=" " ind2=" ">
    <marc:subfield code="a">WaU</marc:subfield>
    <marc:subfield code="c">WaU</marc:subfield>
    <marc:subfield code="d">CtY</marc:subfield>
  </marc:datafield>
  <marc:datafield tag="066" ind1=" " ind2=" ">
    <marc:subfield code="c">(3</marc:subfield>
  </marc:datafield>
  <marc:datafield tag="100" ind1="1" ind2=" ">
    <marc:subfield code="a">Fārūqī, ʻAbd al-Bāqī ibn Sulaymān,</marc:subfield>
    <marc:subfield code="d">1789 or 90-1862 or 3</marc:subfield>
    <marc:subfield code="6">01</marc:subfield>
  </marc:datafield>
  <marc:datafield tag="100" ind1="1" ind2=" ">
    <marc:subfield code="6">01</marc:subfield>
    <marc:subfield code="a">فاروقي، عبد الباقي بن سليمان.</marc:subfield>
  </marc:datafield>
  <marc:datafield tag="240" ind1="1" ind2="0">
    <marc:subfield code="6">02</marc:subfield>
    <marc:subfield code="a">Poems.</marc:subfield>
    <marc:subfield code="f">1964</marc:subfield>
  </marc:datafield>
  <marc:datafield tag="240" ind1="1" ind2="0">
    <marc:subfield code="6">02</marc:subfield>
    <marc:subfield code="a">أشعار.</marc:subfield>
    <marc:subfield code="f">1964</marc:subfield>
  </marc:datafield>
  <marc:datafield tag="245" ind1="1" ind2="3">
    <marc:subfield code="6">03</marc:subfield>
    <marc:subfield code="a">al-Tiryāq al-Fārūqī, aw, Dīwān ʻAbd al-Bāqī al-Umarī.</marc:subfield>
  </marc:datafield>
  <marc:datafield tag="245" ind1="1" ind2="2">
    <marc:subfield code="6">03</marc:subfield>
    <marc:subfield code="a">الترياق الفاروقي، أو، ديوان عبد الباقي العمري.</marc:subfield>
  </marc:datafield>
  <marc:datafield tag="246" ind1="3" ind2="0">
    <marc:subfield code="6">04</marc:subfield>
    <marc:subfield code="a">Dīwān ʻAbd al-Bāqī al-Umarī</marc:subfield>
  </marc:datafield>
  <marc:datafield tag="246" ind1="3" ind2="0">
    <marc:subfield code="a">Diwan Abdol Baqi al-Omari</marc:subfield>
  </marc:datafield>
  <marc:datafield tag="246" ind1="1" ind2="5">
    <marc:subfield code="a">Teriaq al-Fārūqī</marc:subfield>
  </marc:datafield>
  <marc:datafield tag="246" ind1="3" ind2="0">
    <marc:subfield code="6">04</marc:subfield>
    <marc:subfield code="a">ديوان عبد الباقي العمري</marc:subfield>
  </marc:datafield>
  <marc:datafield tag="250" ind1=" " ind2=" ">
    <marc:subfield code="6">05</marc:subfield>
    <marc:subfield code="a">al-Ṭabʻah 2.</marc:subfield>
  </marc:datafield>
  <marc:datafield tag="250" ind1=" " ind2=" ">
    <marc:subfield code="6">05</marc:subfield>
    <marc:subfield code="a">الطبعة 2.</marc:subfield>
  </marc:datafield>
  <marc:datafield tag="260" ind1=" " ind2=" ">
    <marc:subfield code="6">06</marc:subfield>
    <marc:subfield code="a">[al-Najaf] :</marc:subfield>
    <marc:subfield code="b">Dār al-Nuʻmān lil-Ṭibāʻah wa-al-Nashr,</marc:subfield>
    <marc:subfield code="c">1964.</marc:subfield>
  </marc:datafield>
  <marc:datafield tag="260" ind1=" " ind2=" ">
    <marc:subfield code="6">06</marc:subfield>
    <marc:subfield code="a">[النجف] :</marc:subfield>
    <marc:subfield code="b">دار النعمان للطباعة والنشر،</marc:subfield>
    <marc:subfield code="c">1964.</marc:subfield>
  </marc:datafield>
  <marc:datafield tag="300" ind1=" " ind2=" ">
    <marc:subfield code="a">8, 440 p. ;</marc:subfield>
    <marc:subfield code="c">25 cm.</marc:subfield>
  </marc:datafield>
  <marc:datafield tag="500" ind1=" " ind2=" ">
    <marc:subfield code="a">Title on added t.p.: al-Teriaq al-Faruqi, or, Diwan Abdol Baqi al-Omari.</marc:subfield>
  </marc:datafield>
  <marc:datafield tag="950" ind1=" " ind2=" ">
    <marc:subfield code="l">BMAIN</marc:subfield>
    <marc:subfield code="a">PJ7824.A735</marc:subfield>
    <marc:subfield code="b">A17 1964</marc:subfield>
  </marc:datafield>
  <marc:datafield tag="955" ind1=" " ind2=" ">
    <marc:subfield code="l">BMAIN</marc:subfield>
    <marc:subfield code="c">1</marc:subfield>
    <marc:subfield code="r">028852351</marc:subfield>
  </marc:datafield>
  <marc:datafield tag="998" ind1=" " ind2=" ">
    <marc:subfield code="s">9125</marc:subfield>
  </marc:datafield>
</marc:record>
